@book{Sommerville2007,
author = {Sommerville, Ian},
title = {Software Engineering},
year = {2007},
isbn = {978-0-321-31379-9, 0-321-31379-8},
edition = {9th},
publisher = {Addison-Wesley Publishing Company},
address = {USA},
}

@article{tanenbaum1978guidelines,
  title={Guidelines for software portability},
  author={Tanenbaum, Andrew S and Klint, Paul and Bohm, Wim},
  journal={Software: Practice and Experience},
  volume={8},
  number={6},
  pages={681--698},
  year={1978},
  publisher={Wiley Online Library}
}

@article{conallen1999modeling,
  title={Modeling web application architectures with UML},
  author={Conallen, Jim},
  journal={Communications of the ACM},
  volume={42},
  number={10},
  pages={63--70},
  year={1999},
  publisher={ACM New York, NY, USA}
}

@article{oluwatosin2014client,
  title={Client-server model},
  author={Oluwatosin, Haroon Shakirat},
  journal={IOSR Journal of Computer Engineering},
  volume={16},
  number={1},
  pages={67--71},
  year={2014},
  publisher={IOSR Journals}
}

@inproceedings{gong2020architecture,
  title={The Architecture of Micro-services and the Separation of Frond-end and Back-end Applied in a Campus Information System},
  author={Gong, Yifei and Gu, Feng and Chen, Kengbin and Wang, Fei},
  booktitle={2020 IEEE International Conference on Advances in Electrical Engineering and Computer Applications (AEECA)},
  pages={321--324},
  year={2020},
  organization={IEEE}
}

@inproceedings{adam2019backend,
  title={Backend server system design based on rest api for cashless payment system on retail community},
  author={Adam, Bob Maulana and Besari, Adnan Rachmat Anom and Bachtiar, Mochamad Mobed},
  booktitle={2019 International Electronics Symposium (IES)},
  pages={208--213},
  year={2019},
  organization={IEEE}
}

@book{gough2021mastering,
  title={Mastering API Architecture},
  author={Gough, James and Bryant, Daniel and Auburn, Matthew},
  year={2021},
  publisher={" O'Reilly Media, Inc."}
}

@article{fry1976evolution,
  title={Evolution of data-base management systems},
  author={Fry, James P and Sibley, Edgar H},
  journal={ACM Computing Surveys (CSUR)},
  volume={8},
  number={1},
  pages={7--42},
  year={1976},
  publisher={ACM New York, NY, USA}
}

@article{jatana2012survey,
  title={A survey and comparison of relational and non-relational database},
  author={Jatana, Nishtha and Puri, Sahil and Ahuja, Mehak and Kathuria, Ishita and Gosain, Dishant},
  journal={International Journal of Engineering Research \& Technology},
  volume={1},
  number={6},
  pages={1--5},
  year={2012}
}

@online{postgresql_about,
  author = {PostgreSQL Global Development Group},
  title = {About PostgreSQL},
  year = {2023},
  url = {https://www.postgresql.org/about/},
  note = {Accessed on December 4, 2023},
}

@article{yu2009acid,
  title={Acid properties in distributed databases},
  author={Yu, Shiwei},
  journal={Advanced eBusiness Transactions for B2B-Collaborations},
  pages={17},
  year={2009}
}

@book{redis-in-action,
  author    = {Josiah L. Carlson},
  title     = {Redis in Action},
  publisher = {Manning Publications Co.},
  year      = {2013},
  address   = {Shelter Island, NY},
  isbn      = {9781935182054}
}

@Inbook{Bucanek2009,
    title="Model-View-Controller Pattern",
    bookTitle="Learn Objective-C for Java Developers",
    year="2009",
    publisher="Apress",
    address="Berkeley, CA",
    pages="353--402",
    abstract="The Model-View-Controller design pattern is one of the most important design patterns in computer science. Whereas most patterns address specific problems, Model-View-Controller (MVC) describes the architecture of a system of objects. It can be applied to isolated subsystems or entire applications. The Model-View-Controller design pattern is also less clearly defined than many other patterns, leaving a lot of latitude for alternate implementations. It's more a philosophy than a recipe.",
    isbn="978-1-4302-2370-2",
    doi="10.1007/978-1-4302-2370-2_20",
    url="https://doi.org/10.1007/978-1-4302-2370-2_20"
}

@online{railsapi2023,
  title     = {Ruby on Rails API},
  organization = {The Rails Foundation},
  year      = {2023},
  url       = {https://api.rubyonrails.org/},
  note      = {Acesso em: 9 de dezembro de 2023},
}

@online{activerecord-basics,
  title     = {Active Record Basics},
  organization = {The Rails Foundation},
  year      = {2023},
  url       = {https://guides.rubyonrails.org/active_record_basics.html},
  note      = {Acesso em: 9 de dezembro de 2023},
}

@online{activemodel-basics,
  title     = {Active Model Basics},
  organization = {The Rails Foundation},
  year      = {2023},
  url       = {https://guides.rubyonrails.org/active_model_basics.html},
  note      = {Acesso em: 9 de dezembro de 2023},
}

@online{actionview-overview,
  title     = {Action View Overview},
  organization = {The Rails Foundation},
  year      = {2023},
  url       = {https://guides.rubyonrails.org/action_view_overview.html},
  note      = {Acesso em: 9 de dezembro de 2023},
}

@online{actioncontroller-overview,
  title     = {Action Controller Overview},
  organization = {The Rails Foundation},
  year      = {2023},
  url       = {https://guides.rubyonrails.org/action_controller_overview.html},
  note      = {Acesso em: 9 de dezembro de 2023},
}

@inproceedings{jugo2014analysis,
  title={Analysis and evaluation of web application performance enhancement techniques},
  author={Jugo, Igor and Kermek, Dragutin and Me{\v{s}}trovi{\'c}, Ana},
  booktitle={Web Engineering: 14th International Conference, ICWE 2014, Toulouse, France, July 1-4, 2014. Proceedings 14},
  pages={40--56},
  year={2014},
  organization={Springer}
}

@inproceedings{williams2004web,
  title={Web Application Scalability: A Model-Based Approach.},
  author={Williams, Lloyd G and Smith, Connie U},
  booktitle={Int. CMG Conference},
  pages={215--226},
  year={2004}
}

@online{brasilparticipativo-sobre,
  title     = {Sobre o Brasil Participativo},
  author    = {Brasil Participativo},
  year      = {2023},
  url       = {https://brasilparticipativo.presidencia.gov.br/processes/brasilparticipativo/f/33},
  note      = {Acesso em: 10 de dezembro de 2023},
}

@online{decidim-about,
  title     = {Decidim Documentation},
  organization    = {Metadecidim},
  year      = {2023},
  url       = {https://docs.decidim.org/en/v0.27/index.html},
  note      = {Acesso em: 10 de dezembro de 2023}
}

@online{decidim-descriptionpage,
  title     = {General description and introduction to how Decidim works},
  organization    = {Metadecidim},
  year      = {2023},
  url       = {https://docs.decidim.org/en/v0.27/features/general-description},
  note      = {Acesso em: 10 de dezembro de 2023}
}

@online{caching-with-rails-overview,
  title     = {Caching with Rails: An Overview},
  organization = {The Rails Foundation},
  year      = {2023},
  url       = {https://guides.rubyonrails.org/caching_with_rails.html},
  note      = {Acesso em: 12 de dezembro de 2023}
}

@online{actionpack-page-caching,
  title     = {Actionpack Page Caching},
  organization = {The Rails Foundation},
  year      = {2023},
  url       = {https://github.com/rails/actionpack-page_caching},
  note      = {Acesso em: 12 de dezembro de 2023}
}

@online{actionpack-action-caching,
  title     = {Actionpack Action Caching},
  organization = {The Rails Foundation},
  year      = {2023},
  url       = {https://github.com/rails/actionpack-action_caching},
  note      = {Acesso em: 12 de dezembro de 2023}
}